<record><leader>00000cas a22000007a 4500</leader><controlfield tag="001">10330490</controlfield><controlfield tag="008">840124d19411965inudn ne      0    0eng d</controlfield><datafield ind1=" " ind2=" " tag="010"><subfield code="a">sn 84045512 </subfield></datafield><datafield ind1=" " ind2=" " tag="040"><subfield code="a">IUL</subfield><subfield code="b">eng</subfield><subfield code="c">IUL</subfield><subfield code="d">NPI</subfield><subfield code="d">OCLCQ</subfield><subfield code="d">IUL</subfield><subfield code="d">OCLCF</subfield></datafield><datafield ind1=" " ind2=" " tag="042"><subfield code="a">msc</subfield></datafield><datafield ind1=" " ind2=" " tag="043"><subfield code="a">n-us-in</subfield></datafield><datafield ind1="0" ind2="4" tag="245"><subfield code="a">The Attica ledger-tribune.</subfield></datafield><datafield ind1=" " ind2=" " tag="260"><subfield code="a">Attica, Ind. :</subfield><subfield code="b">J. Frank McDermond, Jr.,</subfield><subfield code="c">1941-1965.</subfield></datafield><datafield ind1=" " ind2=" " tag="300"><subfield code="a">v. :</subfield><subfield code="b">ill. ;</subfield><subfield code="c">57 cm.</subfield></datafield><datafield ind1=" " ind2=" " tag="310"><subfield code="a">Daily (except Sat. and Sun.)</subfield></datafield><datafield ind1="0" ind2=" " tag="362"><subfield code="a">Vol. 90, no. 223 (Nov. 10, 1941)-v. 114, no. 75 (Apr. 16, 1965).</subfield></datafield><datafield ind1=" " ind2=" " tag="500"><subfield code="a">"Only daily newspaper in Fountain and Warren counties."</subfield></datafield><datafield ind1=" " ind2="0" tag="651"><subfield code="a">Attica (Ind.)</subfield><subfield code="v">Newspapers.</subfield></datafield><datafield ind1=" " ind2="0" tag="651"><subfield code="a">Fountain County (Ind.)</subfield><subfield code="v">Newspapers.</subfield></datafield><datafield ind1=" " ind2="0" tag="651"><subfield code="a">Warren County (Ind.)</subfield><subfield code="v">Newspapers.</subfield></datafield><datafield ind1=" " ind2="7" tag="651"><subfield code="a">Indiana</subfield><subfield code="z">Attica.</subfield><subfield code="2">fast</subfield><subfield code="0">(OCoLC)fst01257331</subfield></datafield><datafield ind1=" " ind2="7" tag="651"><subfield code="a">Indiana</subfield><subfield code="z">Fountain County.</subfield><subfield code="2">fast</subfield><subfield code="0">(OCoLC)fst01210374</subfield></datafield><datafield ind1=" " ind2="7" tag="651"><subfield code="a">Indiana</subfield><subfield code="z">Warren County.</subfield><subfield code="2">fast</subfield><subfield code="0">(OCoLC)fst01218747</subfield></datafield><datafield ind1=" " ind2="7" tag="655"><subfield code="a">Newspapers.</subfield><subfield code="2">fast</subfield><subfield code="0">(OCoLC)fst01423814</subfield></datafield><datafield ind1=" " ind2=" " tag="752"><subfield code="a">United States</subfield><subfield code="b">Indiana</subfield><subfield code="c">Fountain</subfield><subfield code="d">Attica.</subfield></datafield><datafield ind1=" " ind2=" " tag="752"><subfield code="a">United States</subfield><subfield code="b">Indiana</subfield><subfield code="c">Warren.</subfield></datafield><datafield ind1="0" ind2="0" tag="780"><subfield code="t">Attica ledger and tribune</subfield><subfield code="w">(DLC)sn 87055407</subfield><subfield code="w">(OCoLC)15204943</subfield></datafield><datafield ind1="0" ind2="0" tag="785"><subfield code="t">Attica daily ledger-tribune</subfield><subfield code="w">(DLC)sn 84045511</subfield><subfield code="w">(OCoLC)10330619</subfield></datafield></record>